@book{einleitung1,
    publisher = "Funk, Zander \& Partner -- Intern",
    title     = "IST--Aufnahme und Soll--Konzept",
    year      = "2013",
    keywords  = "buch"
}

@book{standdeswissens1,
    author    = "Andreas Bertsch",
    title     = "Digitale Signaturen",
    year      = "2002",
    publisher = "Springer Verlag Deutschland",
    pages     = "3--4",
    keywords  = "buch"
}

@book{standdeswissens2,
    author    = "F.Bitzer/K.M.Brisch",
    title     = "Digitale Signatur",
    year      = "1999",
    publisher = "Springer Verlag Deutschland",
    pages     = "21",
    keywords  = "buch"
}

@book{standdeswissens3,
    author    = "F.Bitzer/K.M.Brisch",
    title     = "Digitale Signatur",
    year      = "1999",
    publisher = "Springer Verlag Deutschland",
    pages     = "25--37",
    keywords  = "buch"
}

@book{standdeswissens4,
    author    = "Andreas Bertsch",
    title     = "Digitale Signaturen",
    year      = "2002",
    publisher = "Springer Verlag Deutschland",
    pages     = "18",
    keywords  = "buch"
}

@book{techno1,
    author    = "F.Bitzer/K.M.Brisch",
    title     = "Digitale Signatur",
    year      = "1999",
    publisher = "Springer Verlag Deutschland",
    pages     = "17--24",
    keywords  = "buch"
}

@book{techno4,
    author    = "F.Bitzer/K.M.Brisch",
    title     = "Digitale Signatur",
    year      = "1999",
    publisher = "Springer Verlag Deutschland",
    pages     = "46--52",
    keywords  = "buch"
}

@book{trust1,
    author    = "F.Bitzer/K.M.Brisch",
    title     = "Digitale Signatur",
    year      = "1999",
    publisher = "Springer Verlag Deutschland",
    pages     = "29",
    keywords  = "buch"
}

@online{ERP,
     author    = {Wikipedia},
     title     = {{Enterprise-Resource-Planning}},
     url       = {http://goo.gl/DpcRfs},
     urldate   = {2014-05-12},
     keywords  = {internet}
}

@online{grundlagen1,
    author     = {Lukas Gundermann und Marit Köhntopp},
    title      = {{Juristische Aspekte biometrischer Verfahren}},
    url        = {http://goo.gl/7JMT1t},
    urldate    = {2014-05-21},
    keywords   = {internet}
}

@online{grundlagen2,
    author     = {Wikipedia},
    title      = {{Volkszählungsurteil}},
    url        = {http://goo.gl/H0oSHU},
    urldate    = {2014-05-21},
    keywords   = {internet}
}

@online{grundlagen3,
    author     = {Wikipedia},
    title      = {{Volkszählungsurteil}},
    url        = {http://goo.gl/6IXKgP},
    urldate    = {2014-05-21},
    keywords   = {internet}
}

@online{grundlagenFN1,
    author     = {Bundesrepublik Deutschland},
    title      = {{Informations- und Kommunikationsdienste-Gesetz}},
    url        = {http://goo.gl/eKj8k8},
    urldate    = {2014-05-21},
    keywords   = {internet}
}

@online{grundlagenFN2,
    author     = {Bundesrepublik Deutschland},
    title      = {{Signaturgesetz}},
    url        = {http://goo.gl/vZxjIS},
    urldate    = {2014-05-21},
    keywords   = {internet}
}

@online{grundlagen4,
    author     = {Wikipedia},
    title      = {{Signaturgesetz}},
    url        = {http://goo.gl/34XFMW},
    urldate    = {2014-05-21},
    keywords   = {internet}
}

@online{zertstelle1,
    author     = {Bundesministerium der Justiz und für Verbraucherschutz},
    title      = {{Signaturgesetz}},
    url        = {http://goo.gl/qfJyQU},
    urldate    = {2014-05-22},
    keywords   = {internet}
}

@online{techno2,
    author     = {ubuntuusers Mitglied - aasche},
    title      = {{Hashfunktionen}},
    url        = {http://goo.gl/6wYief},
    urldate    = {2014-05-22},
    keywords   = {internet}
}

@online{regBeh1,
    author     = {Wikipedia},
    title      = {{Bundesnetzagentur}},
    url        = {http://goo.gl/IpPz8k},
    urldate    = {2014-05-27},
    keywords   = {internet}
}

@online{techno3,
    author     = {Wikipedia},
    title      = {{Elektronische Signatur}},
    url        = {http://goo.gl/vU0VpB},
    urldate    = {2014-05-27},
    keywords   = {internet}
}

@online{bioMet1,
    author     = {Wikipedia},
    title      = {{Biometrie}},
    url        = {http://goo.gl/rJqARQ},
    urldate    = {2014-06-05},
    keywords   = {internet}
}

@online{bioMet2,
    author     = {Der Landesbeauftragte für den Datenschutz Niedersachsen},
    title      = {{Biometrische Merkmale}},
    url        = {http://goo.gl/GZEHhY},
    urldate    = {2014-06-05},
    keywords   = {internet}
}

@online{bioMet3,
    author     = {Ralf Cremerius und Leonid Snurnikov},
    title      = {{Biometrie und Datenschutz}},
    url        = {http://goo.gl/o8dYJ1},
    urldate    = {2014-06-06},
    keywords   = {internet}
}